% Encoding: UTF-8

@Article{albin,
  author       = {Albin, Pierre and Leichtnam, Eric and Mazzeo, Rafe and Piazza, Paolo},
  title        = {The signature package on {Witt} spaces},
  journal    = {Ann. Sci. Ec. Norm. Supér.},
  year         = {2012},
  series		= {4},
  volume       = {45},
  number       = {2},
  organization = {Elsevier},
  pages        = {241--310},
}

@Book{Brez,
  author    = {H. Brezis},
  title     = {Analyse functionnelle, théorie et applications},
  year      = {1992},
  series    = {Collection Mathématiques Appliquées pour la Maítrise},
  publisher = {Masson},
  address  = {Paris},
}

@Book{Choq,
  author    = {Y Choquet-Bruhat and C Dewitt-Morette and M Dillard-Bleick},
  title     = {Analysis, manifolds and physics},
  year      = {1996},
  volume    = {1},
  publisher = {North-Holland Publishing Company},
  address  = {Amsterdam},
}

@Book{C:H2,
  author    = {R Courant and D Hilbert},
  title     = {Methods of mathematical physics},
  year      = {1962},
  volume    = {2},
  publisher = {Interscience Publishers},
  address  = {Nueva York},
}

@Article{Rafa4,
  author  = {{De la Madrid}, R.},
  title   = {{The Rigged Hilbert Space of the Free Hamiltonian}},
  journal = {International Journal of Theoretical Physics},
  year    = {2003},
  volume  = {42},
  month   = oct,
  pages   = {2441-2460},
  doi     = {10.1023/B:IJTP.0000005968.76452.6b},
  eprint  = {arXiv:quant-ph/0210167},
  adsnote = {Provided by the SAO/NASA Astrophysics Data System},
  adsurl  = {http://adsabs.harvard.edu/abs/2003IJTP...42.2441D},
}

@Book{Doc,
  author    = {J Escamilla-Castillo},
  title     = {Topología},
  year      = {1992},
  edition   = {2},
  publisher = {s.e.},
  address  = {Guatemala},
}

@Book{Hasr,
  author     = {N Haaser and J Sullivan},
  title      = {Análisis real},
  year       = {1978},
  translator = {Ricardo Vinós},
  publisher  = {Trillas},
  address   = {México},
}

@Book{Halmo,
  author     = {P. Halmos},
  title      = {Teoría intuitiva de los conjuntos},
  year       = {1973},
  translator = {Antonio Martín},
  edition    = {8},
  publisher  = {Compañía Editorial Continental S.A.},
  address   = {México},
}

@Book{Haus,
  author    = {Felix Hausdorff},
  title     = {Set theory},
  year      = {1962},
  edition   = {2},
  publisher = {Chelsea Publishing Company},
  address  = {Nueva York},
}

@Book{Heis,
  author    = {Werner Heisenberg},
  title     = {The physical principles of the quantum theory},
  year      = {1949},
  publisher = {Dover Publications, Inc.},
  address  = {Nueva York},
}

@Book{Hewit,
  author    = {E. Hewitt and K. Stromberg},
  title     = {Real and abstract analysis},
  year      = {1965},
  publisher = {Springer-Verlag},
  address  = {New York},
}

@Book{Kolmo,
  author     = {A. Kolmogorov and S. Fomin},
  title      = {Elementos de la teoría de funciones y del análisis funcional},
  year       = {1975},
  translator = {Carlos Vega},
  publisher  = {MIR},
  address   = {Moscú},
}

@InCollection{Kronz,
author       =	{Fred Kronz and Tracy Lupher},
	title        =	{{Quantum Theory: von Neumann vs. Dirac}},
	booktitle    =	{The Stanford Encyclopedia of Philosophy},
	editor       =	{Edward N. Zalta},
	url =	{https://plato.stanford.edu/archives/sum2012/entries/qt-nvd/},
	year         =	{2012},
	edition      =	{verano 2012},
	publisher    =	{Metaphysics Research Lab, Stanford University},
	urldate = { 6 de abril de 2017},
}

@Article{liu,
  author  = {Kefeng Liu and Xiaofeng Sun and Shing-Tung Yau},
  title   = {{Canonical metrics on the moduli space of Riemann surfaces. I}},
  journal = {J. Differential Geom},
  year    = {2004},
  volume  = {68},
  number  = {3},
  pages   = {571--637},
}

@Article{leader,
  author    = {Leader, Elliot and Lorc{\'e}, C{\'e}dric},
  title     = {The angular momentum controversy: What’s it all about and does it matter?},
  journal   = {Physics Reports},
  year      = {2014},
  volume    = {541},
  number    = {3},
  pages     = {163--248},
  publisher = {Elsevier},
}

@Book{Omnes,
  author    = {Omnes, Roland},
  title     = {The interpretation of quantum mechanics},
  year      = {1994},
  publisher = {Princeton University Press},
}

@Book{Penr,
  author     = {R. Penrose},
  title      = {La mente nueva del emperador},
  year       = {1996},
  editora    = {Consejo Nacional de Ciencia y Tecnologia},
  translator = {José García},
  subtitle   = {En torno de la cibern{\'e}tica, la mente y las leyes de la fisica},
  publisher  = {Fondo de Cultura Econ{\'o}mica},
  address   = {M{\'e}xico},
}

@Online{Ster,
  author    = {Shlomo Sternberg},
  title     = {Theory of functions of a real variable.},
  year      = {2005},
  url       = {http://www.math.harvard.edu/~shlomo/docs/Real_Variables.pdf},
  urldate   = {4 de abril de 2017},
  journal   = {Harvard University},
}

@Book{Tesc,
  author    = {Gerald Teschl},
  title     = {Mathematical methods in quantum mechanics},
  year      = {2014},
  volume    = {157},
  publisher = {American Mathematical Soc.},
}

@Comment{jabref-meta: databaseType:biblatex;}
